@book{book:1630246,
   title =     {Geometria analitica con elementi di algebra lineare},
   author =    {Marco Abate, Chiara de Fabritiis},
   publisher = {McGraw-Hill Education},
   isbn =      {978-88-386-6881-4},
   year =      {2015},
   series =    {Terza edizione},
   edition =   {},
   volume =    {},
   url =       {http://gen.lib.rus.ec/book/index.php?md5=A50896B1C76364F8D9F49076BB12C72E}}
   
   